<collection xmlns="http://www.loc.gov/MARC21/slim">
<record>
  <leader>01278nam0a22002531i 450 </leader>
  <controlfield tag="001">IT\ICCU\CNCE\034604</controlfield>
  <controlfield tag="005">20110114000000.0</controlfield>
  <datafield tag="012" ind1=" " ind2=" ">
    <subfield code="a">tata deio deio deio (C) 1552 (R)</subfield>
    <subfield code="2">fei</subfield>
  </datafield>
  <datafield tag="100" ind1=" " ind2=" ">
    <subfield code="a">19980107d1552        0itac0103    ba</subfield>
  </datafield>
  <datafield tag="101" ind1=" " ind2=" ">
    <subfield code="a">ITA</subfield>
  </datafield>
  <datafield tag="102" ind1=" " ind2=" ">
    <subfield code="a">IT</subfield>
  </datafield>
  <datafield tag="200" ind1="1" ind2=" ">
    <subfield code="a">℗La ℗noua &amp; bellissima istoria della pretiosa cintula della gloriosa Vergine quale hora  ̈in Prato, in ottaua rima composta per Minicutio Rubeo da Monte Granaro</subfield>
  </datafield>
  <datafield tag="210" ind1=" " ind2=" ">
    <subfield code="a">\Firenze</subfield>
    <subfield code="c">Lorenzo Torrentino!</subfield>
    <subfield code="d">1552</subfield>
  </datafield>
  <datafield tag="215" ind1=" " ind2=" ">
    <subfield code="a">\4! c.</subfield>
    <subfield code="d">4ʻ</subfield>
  </datafield>
  <datafield tag="620" ind1=" " ind2=" ">
    <subfield code="a">IT</subfield>
    <subfield code="d">Firenze</subfield>
  </datafield>
  <datafield tag="700" ind1=" " ind2="1">
    <subfield code="a">Rubeo,</subfield>
    <subfield code="b">Menicuccio</subfield>
    <subfield code="3">IT\ICCU\CNCA\009861</subfield>
  </datafield>
  <datafield tag="712" ind1="0" ind2="0">
    <subfield code="a">Torrentino, Lorenzo</subfield>
    <subfield code="3">IT\ICCU\CNCT\000169</subfield>
    <subfield code="4">650</subfield>
  </datafield>
  <datafield tag="790" ind1=" " ind2="1">
    <subfield code="a">Rubeo,</subfield>
    <subfield code="b">Menicutio</subfield>
    <subfield code="3">IT\ICCU\CNCA\024164</subfield>
    <subfield code="z">Rubeo, Menicuccio</subfield>
  </datafield>
  <datafield tag="790" ind1=" " ind2="1">
    <subfield code="a">Rossi,</subfield>
    <subfield code="b">Menicuccio</subfield>
    <subfield code="3">IT\ICCU\CNCA\024329</subfield>
    <subfield code="z">Rubeo, Menicuccio</subfield>
  </datafield>
  <datafield tag="791" ind1="0" ind2="0">
    <subfield code="a">Torrentinus, Laurentius</subfield>
    <subfield code="3">IT\ICCU\CNCT\005585</subfield>
    <subfield code="z">Torrentino, Lorenzo</subfield>
  </datafield>
  <datafield tag="801" ind1=" " ind2="3">
    <subfield code="a">IT</subfield>
    <subfield code="b">ICCU</subfield>
    <subfield code="c">20201114</subfield>
  </datafield>
  <datafield tag="899" ind1=" " ind2=" ">
    <subfield code="a">Biblioteca nazionale centrale. Firenze</subfield>
    <subfield code="1">FI0098</subfield>
    <subfield code="2">CFI CF</subfield>
  </datafield>
  <datafield tag="899" ind1=" " ind2=" ">
    <subfield code="a">Istituto culturale e di documentazione Lazzerini. Prato</subfield>
    <subfield code="1">PO0002</subfield>
    <subfield code="2">RT1 DA</subfield>
  </datafield>
  <datafield tag="921" ind1=" " ind2=" ">
    <subfield code="a">IT\ICCU\CNCM\000514</subfield>
    <subfield code="b">Stemma dei Medici sormontato da corona. Nella cornice del frontespizio.</subfield>
    <subfield code="e">Inclita proles.</subfield>
    <subfield code="c">Z1141</subfield>
    <subfield code="d">Dimensioni dello stemma con motto: 5,6 x 4</subfield>
    <subfield code="f">INCLITAPRO</subfield>
    <subfield code="f">STEMMA</subfield>
    <subfield code="f">CORONA</subfield>
    <subfield code="g">1549-1567</subfield>
  </datafield>
</record>
</collection>
